@online{wikipedia_utensilios,
  author = {{Wikipedia}},
  title  = {Utensilios de dibujo t√©cnico},
  year   = {2025},
  month  = {5},
  day    = {25},
  url    = {https://es.wikipedia.org/wiki/Utensilios_de_dibujo_t%C3%A9cnico},
  urldate= {2025-06-22},
  note   = {Recuperado el 22 de junio de 2025}
}

@book{shigley_design,
  author    = {Shigley, Joseph E. and Mischke, Charles R. and Budynas, Richard G.},
  title     = {Mechanical Engineering Design},
  edition   = {7th},
  publisher = {McGraw-Hill},
  year      = {2004},
  address   = {New York},
  note      = {(p. 145)}
}
