@book{Arendt1958,
  author = {Arendt, Hannah},
  title = {La condición humana},
  translator = {Gil Novales, Ramón},
  publisher = {Paidós},
  year = {2005},
  origdate = {1958},
  location = {Barcelona},
}
@book{Hobbes1651,
  author = {Hobbes, Thomas},
  title = {Leviatán: O la materia, forma y poder de una república eclesiástica y civil},
  translator = {Sánchez Sarto, Manuel},
  publisher = {Fondo de Cultura Económica},
  year = {2009},
  origdate = {1651},
  location = {México, D.F.},
}
@book{Kant1785,
  author = {Kant, Immanuel},
  title = {Fundamentación de la metafísica de las costumbres},
  translator = {García Morente, Manuel},
  publisher = {Alianza Editorial},
  year = {2012},
  origdate = {1785},
  location = {Madrid},
}
@book{Locke1689,
  author = {Locke, John},
  title = {Segundo tratado sobre el gobierno civil},
  translator = {Mellizo, Carlos},
  publisher = {Tecnos},
  year = {2017},
  origdate = {1689},
  location = {Madrid},
}
@book{Macpherson1962,
  author = {Macpherson, C. B.},
  title = {La teoría política del individualismo posesivo: De Hobbes a Locke},
  translator = {Capella, Juan-Ramón},
  publisher = {Trotta},
  year = {2005},
  origdate = {1962},
  location = {Madrid},
}
@book{Rousseau1755,
  author = {Rousseau, Jean-Jacques},
  title = {Discurso sobre el origen y los fundamentos de la desigualdad entre los hombres},
  translator = {Masó, Salustiano},
  publisher = {Alianza Editorial},
  year = {2014},
  origdate = {1755},
  location = {Madrid},
}
@book{Smith1776,
  author = {Smith, Adam},
  title = {Una investigación sobre la naturaleza y causas de la riqueza de las naciones},
  translator = {Franco, Gabriel},
  publisher = {Fondo de Cultura Económica},
  year = {2011},
  origdate = {1776},
  location = {México, D.F.},
}
